<?xml version="1.0" encoding="UTF-8"?><collection xmlns="http://www.loc.gov/MARC21/slim"><record><leader>00427nam--2200133-i-4500</leader><controlfield tag="001">000001128</controlfield><controlfield tag="002">20161230</controlfield><controlfield tag="005">20161230201024</controlfield><controlfield tag="008">060222s1000------------r-----000-0-eng-d</controlfield><datafield ind1=" " ind2=" " tag="080"><subfield code="a">621.397</subfield></datafield><datafield ind1=" " ind2=" " tag="245"><subfield code="a">Inregistrarea magnetica a imaginii. traducere din lb. rusa.completari pentru editia romana de ing.c.serbu si ing.al.bogdan</subfield></datafield><datafield ind1=" " ind2=" " tag="260"><subfield code="a">Bucuresti, Editura Tehnica, 1973. 359 P</subfield></datafield><datafield ind1=" " ind2=" " tag="700"><subfield code="a">Goncearov, A.V./S.A.</subfield></datafield><datafield ind1=" " ind2=" " tag="852"><subfield code="a">40239</subfield></datafield></record></collection>